@misc{crisis_energetica_iea,
  author = {IEA},
  title = {Crisis Energética Mundial - International Energy Agency},
  year = {2023},
  note = {Last accessed 9 February 2024},
  url = {https://www.iea.org/topics/global-energy-crisis},
}

@misc{smr_oiea,
  author = {Joanne Liou},
  title = {¿Qué son los reactores modulares pequeños (SMR)? - OIEA},
  year = {2021},
  note = {Last accessed 15 February 2024},
  url = {https://www.iaea.org/es/newscenter/news/que-son-los-reactores-modulares-pequenos-smr}
}